[gd_scene load_steps=16 format=2]

[ext_resource path="res://ui/assets/UI_frame.png" type="Texture" id=1]
[ext_resource path="res://scenes/TitleScreen/assets/fonts/title.tres" type="DynamicFontData" id=2]
[ext_resource path="res://ui/assets/button/menu/btn_menu.png" type="Texture" id=3]
[ext_resource path="res://ui/assets/button/menu/btn_menu_disabled.png" type="Texture" id=4]
[ext_resource path="res://ui/assets/button/menu/btn_menu_pressed.png" type="Texture" id=5]
[ext_resource path="res://ui/assets/button/menu/btn_menu_hover.png" type="Texture" id=6]
[ext_resource path="res://assets/fonts/PixelFont16_1.tres" type="DynamicFont" id=7]
[ext_resource path="res://ui/aftermatch/Aftermatch.gd" type="Script" id=8]
[ext_resource path="res://sfx/audio/click.wav" type="AudioStream" id=9]
[ext_resource path="res://ui/assets/button/restart/btn_restart_hover.png" type="Texture" id=10]
[ext_resource path="res://ui/assets/button/restart/btn_restart_pressed.png" type="Texture" id=11]
[ext_resource path="res://ui/assets/button/restart/btn_restart.png" type="Texture" id=12]
[ext_resource path="res://ui/assets/button/restart/btn_restart_disabled.png" type="Texture" id=13]

[sub_resource type="DynamicFont" id=1]
size = 32
outline_size = 2
outline_color = Color( 0, 0, 0, 1 )
font_data = ExtResource( 2 )

[sub_resource type="DynamicFont" id=2]
size = 32
outline_size = 2
outline_color = Color( 0, 0, 0, 1 )
font_data = ExtResource( 2 )

[node name="Aftermatch" type="Control"]
anchor_right = 1.0
anchor_bottom = 1.0
script = ExtResource( 8 )
__meta__ = {
"_edit_use_anchors_": false
}

[node name="Background" type="NinePatchRect" parent="."]
anchor_left = 0.5
anchor_top = 0.5
anchor_right = 0.5
anchor_bottom = 0.5
margin_left = -110.0
margin_top = -160.0
margin_right = 110.0
margin_bottom = 160.0
rect_min_size = Vector2( 220, 320 )
texture = ExtResource( 1 )
patch_margin_left = 5
patch_margin_top = 5
patch_margin_right = 5
patch_margin_bottom = 5
__meta__ = {
"_edit_use_anchors_": false
}

[node name="VBoxContainer" type="VBoxContainer" parent="Background"]
anchor_right = 1.0
anchor_bottom = 1.0
margin_left = 15.0
margin_top = 15.0
margin_right = -15.0
margin_bottom = -15.0
__meta__ = {
"_edit_use_anchors_": false
}

[node name="Title" type="Label" parent="Background/VBoxContainer"]
margin_right = 190.0
margin_bottom = 36.0
custom_fonts/font = SubResource( 1 )
text = "Game Over"
align = 1
valign = 1

[node name="ScrollContainer" type="ScrollContainer" parent="Background/VBoxContainer"]
margin_top = 40.0
margin_right = 190.0
margin_bottom = 240.0
rect_min_size = Vector2( 190, 200 )
scroll_horizontal_enabled = false

[node name="VBoxContainer" type="VBoxContainer" parent="Background/VBoxContainer/ScrollContainer"]
margin_right = 190.0
margin_bottom = 124.0
size_flags_horizontal = 3
alignment = 1

[node name="DeathByLb" type="Label" parent="Background/VBoxContainer/ScrollContainer/VBoxContainer"]
margin_right = 190.0
margin_bottom = 18.0
custom_fonts/font = ExtResource( 7 )
text = "Death by"
align = 1
valign = 1

[node name="KillerLb" type="Label" parent="Background/VBoxContainer/ScrollContainer/VBoxContainer"]
margin_top = 22.0
margin_right = 190.0
margin_bottom = 58.0
custom_fonts/font = SubResource( 2 )
custom_colors/font_color = Color( 1, 0, 0, 1 )
text = "Sniper Monkey"
align = 1
valign = 1

[node name="ScoreContainer" type="HBoxContainer" parent="Background/VBoxContainer/ScrollContainer/VBoxContainer"]
margin_top = 62.0
margin_right = 190.0
margin_bottom = 80.0

[node name="ScoreLb" type="Label" parent="Background/VBoxContainer/ScrollContainer/VBoxContainer/ScoreContainer"]
margin_right = 32.0
margin_bottom = 18.0
custom_fonts/font = ExtResource( 7 )
text = "Score:"
align = 1
valign = 1

[node name="ValueLb" type="Label" parent="Background/VBoxContainer/ScrollContainer/VBoxContainer/ScoreContainer"]
margin_left = 36.0
margin_right = 168.0
margin_bottom = 18.0
custom_fonts/font = ExtResource( 7 )
text = "9999999999999999999999"
align = 1
valign = 1

[node name="DistanceContainer" type="HBoxContainer" parent="Background/VBoxContainer/ScrollContainer/VBoxContainer"]
margin_top = 84.0
margin_right = 190.0
margin_bottom = 102.0

[node name="DistanceLb" type="Label" parent="Background/VBoxContainer/ScrollContainer/VBoxContainer/DistanceContainer"]
margin_right = 46.0
margin_bottom = 18.0
custom_fonts/font = ExtResource( 7 )
text = "Distance:"
align = 1
valign = 1

[node name="ValueLb" type="Label" parent="Background/VBoxContainer/ScrollContainer/VBoxContainer/DistanceContainer"]
margin_left = 50.0
margin_right = 182.0
margin_bottom = 18.0
custom_fonts/font = ExtResource( 7 )
text = "9999999999999999999999"
align = 1
valign = 1

[node name="FinalScoreContainer" type="HBoxContainer" parent="Background/VBoxContainer/ScrollContainer/VBoxContainer"]
margin_top = 106.0
margin_right = 190.0
margin_bottom = 124.0

[node name="FinalScoreLb" type="Label" parent="Background/VBoxContainer/ScrollContainer/VBoxContainer/FinalScoreContainer"]
margin_right = 57.0
margin_bottom = 18.0
custom_fonts/font = ExtResource( 7 )
text = "Final Score:"
align = 1
valign = 1

[node name="ValueLb" type="Label" parent="Background/VBoxContainer/ScrollContainer/VBoxContainer/FinalScoreContainer"]
margin_left = 61.0
margin_right = 175.0
margin_bottom = 18.0
custom_fonts/font = ExtResource( 7 )
text = "9999999999999999999"
align = 1
valign = 1

[node name="ButtonContainer" type="HBoxContainer" parent="Background/VBoxContainer"]
margin_top = 244.0
margin_right = 190.0
margin_bottom = 292.0
alignment = 1

[node name="MenuBtn" type="TextureButton" parent="Background/VBoxContainer/ButtonContainer"]
margin_left = 3.0
margin_right = 93.0
margin_bottom = 48.0
texture_normal = ExtResource( 3 )
texture_pressed = ExtResource( 5 )
texture_hover = ExtResource( 6 )
texture_disabled = ExtResource( 4 )

[node name="RestartBtn" type="TextureButton" parent="Background/VBoxContainer/ButtonContainer"]
margin_left = 97.0
margin_right = 187.0
margin_bottom = 48.0
texture_normal = ExtResource( 12 )
texture_pressed = ExtResource( 11 )
texture_hover = ExtResource( 10 )
texture_disabled = ExtResource( 13 )

[node name="ASP" type="AudioStreamPlayer" parent="."]
stream = ExtResource( 9 )
